@inproceedings{gehring2017convolutional,
  title={Convolutional sequence to sequence learning},
  author={Gehring, Jonas and Auli, Michael and Grangier, David and Yarats, Denis and Dauphin, Yann N},
  booktitle={International Conference on Machine Learning},
  pages={1243--1252},
  year={2017},
  organization={PMLR}
}

@article{DBLP:journals/corr/Zhou15c,
  author    = {Li Zhou},
  title     = {A Survey on Contextual Multi-armed Bandits},
  journal   = {CoRR},
  volume    = {abs/1508.03326},
  year      = {2015},
  url       = {http://arxiv.org/abs/1508.03326},
  eprinttype = {arXiv},
  eprint    = {1508.03326},
  timestamp = {Sun, 06 Sep 2020 22:24:21 +0200},
  biburl    = {https://dblp.org/rec/journals/corr/Zhou15c.bib},
  bibsource = {dblp computer science bibliography, https://dblp.org}
}

@article{sac,
  title={Soft actor-critic algorithms and applications},
  author={Haarnoja, Tuomas and Zhou, Aurick and Hartikainen, Kristian and Tucker, George and Ha, Sehoon and Tan, Jie and Kumar, Vikash and Zhu, Henry and Gupta, Abhishek and Abbeel, Pieter and others},
  journal={arXiv preprint arXiv:1812.05905},
  year={2018}
}
@inproceedings{rainbow,
  title={Rainbow: Combining improvements in deep reinforcement learning},
  author={Hessel, Matteo and Modayil, Joseph and Van Hasselt, Hado and Schaul, Tom and Ostrovski, Georg and Dabney, Will and Horgan, Dan and Piot, Bilal and Azar, Mohammad and Silver, David},
  booktitle={Thirty-second AAAI conference on artificial intelligence},
  year={2018}
}

@article{sac+ae,
  title={Improving sample efficiency in model-free reinforcement learning from images},
  author={Yarats, Denis and Zhang, Amy and Kostrikov, Ilya and Amos, Brandon and Pineau, Joelle and Fergus, Rob},
  journal={arXiv preprint arXiv:1910.01741},
  year={2019}
}

@inproceedings{laser,
  title={Laser: Learning a latent action space for efficient reinforcement learning},
  author={Allshire, Arthur and Mart{\'\i}n-Mart{\'\i}n, Roberto and Lin, Charles and Manuel, Shawn and Savarese, Silvio and Garg, Animesh},
  booktitle={2021 IEEE International Conference on Robotics and Automation (ICRA)},
  pages={6650--6656},
  year={2021},
  organization={IEEE}
}
@inproceedings{icm,
  title={Curiosity-driven exploration by self-supervised prediction},
  author={Pathak, Deepak and Agrawal, Pulkit and Efros, Alexei A and Darrell, Trevor},
  booktitle={International conference on machine learning},
  pages={2778--2787},
  year={2017},
  organization={PMLR}
}

@article{rad,
  title={Reinforcement learning with augmented data},
  author={Laskin, Misha and Lee, Kimin and Stooke, Adam and Pinto, Lerrel and Abbeel, Pieter and Srinivas, Aravind},
  journal={Advances in Neural Information Processing Systems},
  volume={33},
  pages={19884--19895},
  year={2020}
}

@inproceedings{curl,
  title={Curl: Contrastive unsupervised representations for reinforcement learning},
  author={Laskin, Michael and Srinivas, Aravind and Abbeel, Pieter},
  booktitle={International Conference on Machine Learning},
  pages={5639--5650},
  year={2020},
  organization={PMLR}
}

@article{drqv2,
  title={Mastering visual continuous control: Improved data-augmented reinforcement learning},
  author={Yarats, Denis and Fergus, Rob and Lazaric, Alessandro and Pinto, Lerrel},
  journal={arXiv preprint arXiv:2107.09645},
  year={2021}
}

@article{lossisitsownreward,
  title={Loss is its own reward: Self-supervision for reinforcement learning},
  author={Shelhamer, Evan and Mahmoudieh, Parsa and Argus, Max and Darrell, Trevor},
  journal={arXiv preprint arXiv:1612.07307},
  year={2016}
}

@inproceedings{agent57,
  title={Agent57: Outperforming the atari human benchmark},
  author={Badia, Adri{\`a} Puigdom{\`e}nech and Piot, Bilal and Kapturowski, Steven and Sprechmann, Pablo and Vitvitskyi, Alex and Guo, Zhaohan Daniel and Blundell, Charles},
  booktitle={International Conference on Machine Learning},
  pages={507--517},
  year={2020},
  organization={PMLR}
}
@inproceedings{firstaeinrl,
  title={Deep auto-encoder neural networks in reinforcement learning},
  author={Lange, Sascha and Riedmiller, Martin},
  booktitle={The 2010 international joint conference on neural networks (IJCNN)},
  pages={1--8},
  year={2010},
  organization={IEEE}
}

@article{flow,
  title={Reinforcement learning with latent flow},
  author={Shang, Wenling and Wang, Xiaofei and Srinivas, Aravind and Rajeswaran, Aravind and Gao, Yang and Abbeel, Pieter and Laskin, Misha},
  journal={Advances in Neural Information Processing Systems},
  volume={34},
  year={2021}
}

@article{imageaugmentationisallyouneed,
  title={Image augmentation is all you need: Regularizing deep reinforcement learning from pixels},
  author={Kostrikov, Ilya and Yarats, Denis and Fergus, Rob},
  journal={arXiv preprint arXiv:2004.13649},
  year={2020}
}

@book{suttonrlbook,
  title={Reinforcement learning: An introduction},
  author={Sutton, Richard S and Barto, Andrew G},
  year={2018},
  publisher={MIT press}
}

@article{staterepresentationlearningoverview,
  title={State representation learning for control: An overview},
  author={Lesort, Timoth{\'e}e and D{\'\i}az-Rodr{\'\i}guez, Natalia and Goudou, Jean-Franois and Filliat, David},
  journal={Neural Networks},
  volume={108},
  pages={379--392},
  year={2018},
  publisher={Elsevier}
}
